%%
%% WinShell 3.3.2.6
%% http://www.winshell.org/
%%

% Strings


% Preamble


% BibTeX Entries

@article{bib:ahmed1993,
 author               = {Ahmed, A and Khan, MJ and Bays-Muchmore, B},
 journal              = {AIAA Journal},
 number               = {3},
 pages                = {559--563},
 title                = {Experimental investigation of a three-dimensional bluff-body wake},
 volume               = {31},
 year                 = {1993},
 }

@article{bib:amitay1997,
 author               = {Amitay, Michael and Honohan, Andrew and Trautman, Mark and Glezer, Ari},
 journal              = {AIAA Paper},
 title                = {Modification of the aerodynamic characteristics of bluff bodies using fluidic actuators},
 volume               = {2004},
 year                 = {1997},
 }

@article{bib:bazilevs07,
 author               = {Bazilevs, Yuri and Calo, Victor M. and Cottrell, J. Austin and Hughes, Thomas JR and Reali, Alessandro and Scovazzi, Guglielmo},
 journal              = {Computer Methods in Applied Mechanics and Engineering},
 number               = {1},
 pages                = {173--201},
 publisher            = {Elsevier},
 title                = {Variational multiscale residual-based turbulence modeling for large eddy simulation of incompressible flows},
 volume               = {197},
 year                 = {2007},
 }

@article{bib:bearman1982,
 author               = {Bearman, PW and Obasaju, ED},
 journal              = {Journal of Fluid Mechanics},
 pages                = {297--321},
 publisher            = {Cambridge Univ Press},
 title                = {An experimental study of pressure fluctuations on fixed and oscillating square-section cylinders},
 volume               = {119},
 year                 = {1982},
 }

@article{bib:bearman1998,
 author               = {Bearman, Peter W and Owen, John C},
 journal              = {Journal of Fluids and Structures},
 number               = {1},
 pages                = {123--130},
 publisher            = {Elsevier},
 title                = {Reduction of bluff-body drag and suppression of vortex shedding by the introduction of wavy separation lines},
 volume               = {12},
 year                 = {1998},
 }

@article{bib:bouzeid,
 author               = {Bou-Zeid, Elie and Meneveau, Charles and Parlange, Marc},
 journal              = {Physics of Fluids},
 number               = {2},
 pages                = {025105},
 publisher            = {AIP Publishing},
 title                = {A scale-dependent {L}agrangian dynamic model for large eddy simulation of complex turbulent flows},
 volume               = {17},
 year                 = {2005},
 }

@article{bib:bozkurttas,
 author               = {Bozkurttas, Meliha and Dong, Haibo and Seshadri, Veeraraghavan and Mittal, Rajat and Najjar, Fady},
 journal              = {AIAA Paper 2005-79},
 title                = {Towards numerical simulation of flapping foils on fixed {C}artesian grids},
 year                 = {2005},
 }

@article{bib:codina,
 author               = {Codina, Ramon and Principe, Javier and Guasch, Oriol and Badia, Santiago},
 journal              = {Computer Methods in Applied Mechanics and Engineering},
 number               = {21},
 pages                = {2413--2430},
 publisher            = {Elsevier},
 title                = {Time dependent subscales in the stabilized finite element approximation of incompressible flow problems},
 volume               = {196},
 year                 = {2007},
 }

@article{bib:ehsan1990,
 author               = {Ehsan, Fazl and Scanlan, Robert H},
 journal              = {Journal of Engineering Mechanics},
 number               = {6},
 pages                = {1392--1411},
 publisher            = {American Society of Civil Engineers},
 title                = {Vortex-induced vibrations of flexible bridges},
 volume               = {116},
 year                 = {1990},
 }

@article{bib:gamnitzer,
 author               = {Gamnitzer, Peter and Gravemeier, Volker and Wall, Wolfgang A},
 journal              = {Computer Methods in Applied Mechanics and Engineering},
 number               = {13},
 pages                = {819--827},
 publisher            = {Elsevier},
 title                = {Time-dependent subgrid scales in residual-based large eddy simulation of turbulent channel flow},
 volume               = {199},
 year                 = {2010},
 }

@article{bib:germano,
 author               = {Germano, Massimo and Piomelli, Ugo and Moin, Parviz and Cabot, William H},
 journal              = {Physics of Fluids A: Fluid Dynamics},
 number               = {7},
 pages                = {1760--1765},
 publisher            = {AIP Publishing},
 title                = {A dynamic subgrid-scale eddy viscosity model},
 volume               = {3},
 year                 = {1991},
 }

@article{bib:granlund2016,
author={Granlund, Kenneth O. and Ol, Michael V. and Jones, Anya R.},
title={Streamwise oscillation of airfoils into reverse flow},
journal={AIAA Journal},
year={2016},
month={Jan},
publisher={American Institute of Aeronautics and Astronautics},
volume={54},
number={5},
pages={1628-1636},
}


@article{bib:greenberg1947,
 author               = {Greenberg, J Mayo},
 title                = {Airfoil in sinusoidal motion in a pulsating stream},
 year                 = {1947},
 }

@article{bib:haworth,
 author               = {Haworth, D.C. and Jansen, Kenneth E},
 journal              = {Computers \& Fluids},
 number               = {5},
 pages                = {493--524},
 publisher            = {Elsevier},
 title                = {Large-eddy simulation on unstructured deforming meshes: towards reciprocating {IC} engines},
 volume               = {29},
 year                 = {2000},
 }

@article{bib:hayashida1990,
 author               = {Hayashida, H and Iwasa, Y},
 journal              = {Journal of Wind Engineering and Industrial Aerodynamics},
 number               = {1},
 pages                = {237--242},
 publisher            = {Elsevier},
 title                = {Aerodynamic shape effects of tall building for vortex induced Vibration},
 volume               = {33},
 year                 = {1990},
 }

@article{bib:hikami1988rain,
 author               = {Hikami, Y and Shiraishi, N},
 journal              = {Journal of wind engineering and industrial aerodynamics},
 number               = {1},
 pages                = {409--418},
 title                = {Rain-wind induced vibrations of cables stayed bridges},
 volume               = {29},
 year                 = {1988},
 }

@article{bib:hughes,
 author               = {Hughes, Thomas JR},
 journal              = {Computer Methods in Applied Mechanics and Engineering},
 number               = {1},
 pages                = {387--401},
 publisher            = {Elsevier},
 title                = {Multiscale phenomena: {G}reen's functions, the {D}irichlet-to-{N}eumann formulation, subgrid scale models, bubbles and the origins of stabilized methods},
 volume               = {127},
 year                 = {1995},
 }

@article{bib:hughes2,
 author               = {Hughes, Thomas JR and Feij{\'o}o, Gonzalo R and Mazzei, Luca and Quincy, Jean-Baptiste},
 journal              = {Computer Methods in Applied Mechanics and Engineering},
 number               = {1},
 pages                = {3--24},
 publisher            = {Elsevier},
 title                = {The variational multiscale method -- a paradigm for computational mechanics},
 volume               = {166},
 year                 = {1998},
 }

@article{bib:hughes3,
 author               = {Hughes, Thomas JR and Sangalli, Giancarlo},
 journal              = {SIAM Journal on Numerical Analysis},
 number               = {2},
 pages                = {539--557},
 publisher            = {SIAM},
 title                = {Variational multiscale analysis: the fine-scale {G}reen's function, projection, optimization, localization, and stabilized methods},
 volume               = {45},
 year                 = {2007},
 }

@article{bib:hughes4,
 author               = {Hughes, Thomas JR and Mazzei, Luca and Oberai, Assad A and Wray, Alan A},
 journal              = {Physics of Fluids},
 number               = {2},
 pages                = {505--512},
 publisher            = {AIP Publishing},
 title                = {The multiscale formulation of large eddy simulation: Decay of homogeneous isotropic turbulence},
 volume               = {13},
 year                 = {2001},
 }

@article{bib:hughes5,
 author               = {Hughes, Thomas JR and Oberai, Assad A and Mazzei, Luca},
 journal              = {Physics of Fluids},
 number               = {6},
 pages                = {1784--1799},
 publisher            = {AIP Publishing},
 title                = {Large eddy simulation of turbulent channel flows by the variational multiscale method},
 volume               = {13},
 year                 = {2001},
 }

@article{bib:isaacs2012,
 author               = {Isaacs, Rufus},
 journal              = {Journal of the Aeronautical Sciences},
 title                = {Airfoil theory for flows of variable velocity},
 year                 = {2012},
 }

@article{bib:jansen,
 author               = {Jansen, Kenneth E and Whiting, Christian H and Hulbert, Gregory M},
 journal              = {Computer Methods in Applied Mechanics and Engineering},
 number               = {3},
 pages                = {305-320},
 title                = {A generalized-$\alpha$ method for integrating the filtered {N}avier-{S}tokes equations with a stabilized finite element method},
 volume               = {190},
 year                 = {1999},
 }

@article{bib:kawai1998,
 author               = {Kawai, H},
 journal              = {Journal of Wind Engineering and Industrial Aerodynamics},
 pages                = {719--729},
 publisher            = {Elsevier},
 title                = {Effect of corner modifications on aeroelastic instabilities of tall buildings},
 volume               = {74},
 year                 = {1998},
 }

@article{bib:kim2002,
 author               = {Kim, Young-Moon and You, Ki-Pyo},
 journal              = {Journal of wind engineering and industrial aerodynamics},
 number               = {12},
 pages                = {1771--1782},
 publisher            = {Elsevier},
 title                = {Dynamic responses of a tapered tall building to wind loads},
 volume               = {90},
 year                 = {2002},
 }

@article{bib:koobus2004,
 author               = {Koobus, Bruno and Farhat, Charbel},
 journal              = {Computer Methods in Applied Mechanics and Engineering},
 number               = {15},
 pages                = {1367--1383},
 publisher            = {Elsevier},
 title                = {A variational multiscale method for the large eddy simulation of compressible turbulent flows on unstructured meshes -- application to vortex shedding},
 volume               = {193},
 year                 = {2004},
 }

@article{bib:kwok1988effect,
 author               = {Kwok, KCS},
 journal              = {Journal of Wind Engineering and Industrial Aerodynamics},
 number               = {1-3},
 pages                = {381--390},
 title                = {Effect of building shape on wind-induced response of tall building},
 volume               = {28},
 year                 = {1988},
 }

@article{bib:lam2004,
 author               = {Lam, K and Wang, FH and So, RMC},
 journal              = {Journal of Fluids and Structures},
 number               = {6},
 pages                = {815--833},
 publisher            = {Elsevier},
 title                = {Three-dimensional nature of vortices in the near wake of a wavy cylinder},
 volume               = {19},
 year                 = {2004},
 }

@article{bib:lam2008,
 author               = {Lam, K and Lin, YF},
 journal              = {International Journal of Heat and Fluid Flow},
 number               = {4},
 pages                = {1071--1088},
 publisher            = {Elsevier},
 title                = {Large eddy simulation of flow around wavy cylinders at a subcritical {R}eynolds number},
 volume               = {29},
 year                 = {2008},
 }

@article{bib:lander2016,
 author               = {Lander, D C and Letchford, C W and Amitay, M and Kopp, G A},
 journal              = {Physical review fluids},
 title                = {{The influence of the bluff body shear layers on the wake of a square prism in a turbulent flow}},
 year                 = {(in review)},
 }

@article{bib:larsen2008,
 author               = {Larsen, Allan and Savage, Mike and Lafreniere, Andreane and Hui, Michael CH and Larsen, S{\o}ren V},
 journal              = {Journal of Wind Engineering and Industrial Aerodynamics},
 number               = {6},
 pages                = {934--944},
 publisher            = {Elsevier},
 title                = {Investigation of vortex response of a twin box bridge section at high and low Reynolds numbers},
 volume               = {96},
 year                 = {2008},
 }

@article{bib:least_squares_part1_1992,
 author               = {L.P. Franca and S.L. Frey and T.J.R. Hughes},
 journal              = {Comp. Methods Appl. mech. Eng.},
 number               = {2},
 pages                = {253-276},
 title                = {Stabilized finite element methods: {I}. {A}pplication to the advective-diffusive model},
 volume               = {95},
 year                 = {1992},
 }

@article{bib:least_squares_part2_1992,
 author               = {L.P. Franca and S.L. Frey},
 journal              = {Comp. Methods Appl. mech. Eng.},
 number               = {2},
 pages                = {209-233},
 title                = {Stabilized finite element methods: {II}. {T}he incompressible {N}avier-{S}tokes equations},
 volume               = {99},
 year                 = {1992},
 }

@article{bib:lilly,
 author               = {Lilly, Douglas K},
 journal              = {Physics of Fluids A: Fluid Dynamics},
 number               = {3},
 pages                = {633--635},
 publisher            = {AIP Publishing},
 title                = {A proposed modification of the {G}ermano subgrid-scale closure method},
 volume               = {4},
 year                 = {1992},
 }

@article{bib:lin2016,
 author               = {Lin, YF and Bai, HL and Alam, Md Mahbub and Zhang, WG and Lam, K},
 journal              = {Journal of Fluids and Structures},
 pages                = {392--409},
 publisher            = {Elsevier},
 title                = {Effects of large spanwise wavelength on the wake of a sinusoidal wavy cylinder},
 volume               = {61},
 year                 = {2016},
 }

@article{bib:lund,
 author               = {Lund, Thomas S and Ghosal, Sandip and Moin, Parviz},
 journal              = {ASME-PUBLICATIONS-FED},
 pages                = {7--7},
 publisher            = {ASME},
 title                = {Numerical experiments with highly-variable eddy viscosity models},
 volume               = {162},
 year                 = {1993},
 }

@article{bib:luo1994,
 author               = {Luo, SC and Yazdani, Md G and Chew, YT and Lee, TS},
 journal              = {Journal of Wind Engineering and Industrial Aerodynamics},
 number               = {3},
 pages                = {375--399},
 publisher            = {Elsevier},
 title                = {Effects of incidence and afterbody shape on flow past bluff cylinders},
 volume               = {53},
 year                 = {1994},
 }

@article{bib:lyn1994,
 author               = {Lyn, DA and Rodi, W},
 journal              = {Journal of fluid Mechanics},
 pages                = {353--376},
 publisher            = {Cambridge Univ Press},
 title                = {The flapping shear layer formed by flow separation from the forward corner of a square cylinder},
 volume               = {267},
 year                 = {1994},
 }

@article{bib:lyn1995,
 author               = {Lyn, Dennis A and Einav, S and Rodi, W and Park, J-H},
 journal              = {Journal of Fluid Mechanics},
 pages                = {285--319},
 publisher            = {Cambridge Univ Press},
 title                = {A laser-{D}oppler velocimetry study of ensemble-averaged characteristics of the turbulent near wake of a square cylinder},
 volume               = {304},
 year                 = {1995},
 }

@article{bib:masud,
 author               = {Masud, Arif and Calderer, Ramon},
 journal              = {Computer Methods in Applied Mechanics and Engineering},
 number               = {33},
 pages                = {2577--2593},
 publisher            = {Elsevier},
 title                = {A variational multiscale method for incompressible turbulent flows: {B}ubble functions and fine scale fields},
 volume               = {200},
 year                 = {2011},
 }

@article{bib:matsumoto1992,
 author               = {Matsumoto, M and Shiraishi, N and Shirato, H},
 journal              = {Journal of wind engineering and industrial aerodynamics},
 number               = {1},
 pages                = {2011--2022},
 publisher            = {Elsevier},
 title                = {Rain-wind induced vibration of cables of cable-stayed bridges},
 volume               = {43},
 year                 = {1992},
 }

@article{bib:matsumoto1998,
 author               = {Matsumoto, M},
 journal              = {Bridge Aerodynamics},
 pages                = {189--211},
 publisher            = {Balkema, Rotterdam},
 title                = {Observed behavior of prototype cable vibration and its generation mechanism},
 year                 = {1998},
 }

@article{bib:meneveau96,
 author               = {Meneveau, Charles and Lund, Thomas S and Cabot, William H},
 journal              = {Journal of Fluid Mechanics},
 pages                = {353--385},
 publisher            = {Cambridge Univ Press},
 title                = {A {L}agrangian dynamic subgrid-scale model of turbulence},
 volume               = {319},
 year                 = {1996},
 }

@article{bib:minguez2011,
 author               = {Minguez, Mathieu and Brun, Christophe and Pasquetti, Richard and Serre, Eric},
 journal              = {International Journal of Heat and Fluid Flow},
 number               = {3},
 pages                = {558--566},
 publisher            = {Elsevier},
 title                = {Experimental and high-order {LES} analysis of the flow in near-wall region of a square cylinder},
 volume               = {32},
 year                 = {2011},
 }

@article{bib:moser,
 author               = {Moser, Robert D and Kim, John and Mansour, Nagi N},
 journal              = {Physics of Fluids},
 number               = {4},
 pages                = {943--945},
 title                = {Direct numerical simulation of turbulent channel flow up to {$Re_\tau= 590$}},
 volume               = {11},
 year                 = {1999},
 }

@article{bib:norberg,
 author               = {Norberg, Christoffer},
 journal              = {Chalmers University, Goteborg, Sweden, Technological Publications},
 number               = {2},
 title                = {Effects of {R}eynolds number and a low-intensity freestream turbulence on the flow around a circular cylinder},
 volume               = {87},
 year                 = {1987},
 }

@article{bib:norberg2,
 author               = {Norberg, Christoffer},
 journal              = {Journal of Fluids and Structures},
 number               = {1},
 pages                = {57--96},
 publisher            = {Elsevier},
 title                = {Fluctuating lift on a circular cylinder: review and new measurements},
 volume               = {17},
 year                 = {2003},
 }

@article{bib:oberai2005,
 author               = {Oberai, AA and Wanderer, J},
 journal              = {International Journal for Numerical Methods in Engineering},
 number               = {1},
 pages                = {50--71},
 publisher            = {Wiley Online Library},
 title                = {A dynamic approach for evaluating parameters in a numerical method},
 volume               = {62},
 year                 = {2005},
 }

@article{bib:oberai2005_2,
 author               = {Oberai, Assad and Wanderer, Jeremy},
 journal              = {Journal of Turbulence},
 number               = {6},
 pages                = {N7},
 publisher            = {Taylor \& Francis},
 title                = {Variational formulation of the {G}ermano identity for the {N}avier-{S}tokes equations},
 year                 = {2005},
 }

@article{bib:ong,
 author               = {Ong, L and Wallace, James M},
 journal              = {Experiments in Fluids},
 number               = {6},
 pages                = {441--453},
 publisher            = {Springer},
 title                = {The velocity field of the turbulent very near wake of a circular cylinder},
 volume               = {20},
 year                 = {1996},
 }

@article{bib:owen2001,
 author               = {Owen, John C and Bearman, Peter W and Szewczyk, Albin A},
 journal              = {Journal of Fluids and Structures},
 number               = {3},
 pages                = {597--605},
 publisher            = {Elsevier},
 title                = {Passive control of {VIV} with drag reduction},
 volume               = {15},
 year                 = {2001},
 }

@article{bib:park2006,
 author               = {Park, Hyungmin and Lee, Dongkon and Jeon, Woo-Pyung and Hahn, Seonghyeon and Kim, Jeonglae and Kim, Jungwoo and Choi, Jin and Choi, Haecheon},
 journal              = {Journal of Fluid Mechanics},
 pages                = {389--414},
 publisher            = {Cambridge Univ Press},
 title                = {Drag reduction in flow over a two-dimensional bluff body with a blunt trailing edge using a new passive device},
 volume               = {563},
 year                 = {2006},
 }

@article{bib:parnaudeau,
 author               = {Parnaudeau, Philippe and Carlier, Johan and Heitz, Dominique and Lamballais, Eric},
 journal              = {Physics of Fluids},
 number               = {8},
 pages                = {085101},
 publisher            = {AIP Publishing},
 title                = {Experimental and numerical studies of the flow over a circular cylinder at {R}eynolds number 3900},
 volume               = {20},
 year                 = {2008},
 }

@article{bib:sahni2011,
 author               = {Sahni, Onkar and Wood, Joshua and Jansen, Kenneth E and Amitay, Michael},
 journal              = {Journal of Fluid Mechanics},
 pages                = {254--287},
 publisher            = {Cambridge Univ Press},
 title                = {Three-dimensional interactions between a finite-span synthetic jet and a crossflow},
 volume               = {671},
 year                 = {2011},
 }

@article{bib:sanderse2011,
 author               = {Sanderse, B and Pijl, van der SP and Koren, B},
 journal              = {Wind Energy},
 number               = {7},
 pages                = {799--819},
 publisher            = {Wiley Online Library},
 title                = {Review of computational fluid dynamics for wind turbine wake aerodynamics},
 volume               = {14},
 year                 = {2011},
 }

@article{bib:smag,
 author               = {Smagorinsky, Joseph},
 journal              = {Monthly Weather Review},
 number               = {3},
 pages                = {99--164},
 title                = {General circulation experiments with the primitive equations {I}. {T}he basic experiment},
 volume               = {91},
 year                 = {1963},
 }

@article{bib:smith1998,
 author               = {Smith, Douglas and Amitay, Michael and Kibens, Valdis and Parekh, David and Glezer, Ari},
 journal              = {AIAA Paper},
 pages                = {1998},
 title                = {Modification of lifting body aerodynamics using synthetic jet actuators},
 volume               = {209},
 year                 = {1998},
 }

@article{bib:stephan,
 author               = {Stephan, Anton and Holz{\"a}pfel, Frank and Misaka, Takashi and Geisler, Reinhard and Konrath, Robert},
 journal              = {CEAS Aeronautical Journal},
 number               = {2},
 pages                = {109--125},
 publisher            = {Springer},
 title                = {Enhancement of aircraft wake vortex decay in ground proximity},
 volume               = {5},
 year                 = {2014},
 }

@article{bib:stoll,
 author               = {Stoll, Rob and Port{\'e}-Agel, Fernando},
 journal              = {Water Resources Research},
 number               = {1},
 pages                = {W01409},
 publisher            = {Wiley Online Library},
 title                = {Dynamic subgrid-scale models for momentum and scalar fluxes in large-eddy simulations of neutrally stratified atmospheric boundary layers over heterogeneous terrain},
 volume               = {42},
 year                 = {2006},
 }

@inproceedings{bib:strangfeld2015,
 author               = {Strangfeld, C and Rumsey, Christopher L and Mueller-Vahl, Hanns and Greenblatt, David and Nayeri, CN and Paschereit, Christian O},
 booktitle            = {45th AIAA Fluid Dynamics Conference},
 note                 = {AIAA Paper 2015-3071},
 title                = {Unsteady thick airfoil aerodynamics: experiments, computation, and theory},
 year                 = {2015},
 }

@inproceedings{bib:lind2013,
 author               = {Lind, Andrew Hand and Lefebvre, Jonathan N and Jones, Anya R},
 title            = {Experimental investigation of reverse flow over sharp and blunt trailing edge airfoils},
booktitle                = {31st AIAA Applied Aerodynamics Conference},
 note                 = {AIAA Paper 2013-3036},
 year                 = {2013},
 }

@Article{bib:lind2014,
author={Lind, Andrew H.
and Lefebvre, Jonathan N.
and Jones, Anya R.},
title={Time-averaged aerodynamics of sharp and blunt trailing-edge static airfoils in reverse flow},
journal={AIAA Journal},
year={2014},
month={Sep},
day={26},
publisher={American Institute of Aeronautics and Astronautics},
volume={52},
number={12},
pages={2751-2764},
issn={0001-1452},
}



@article{bib:strangfeld2016,
 author               = {Strangfeld, C and M{\"u}ller-Vahl, H and Nayeri, CN and Paschereit, CO and Greenblatt, D},
 journal              = {Journal of Fluid Mechanics},
 pages                = {79--108},
 publisher            = {Cambridge Univ Press},
 title                = {Airfoil in a high amplitude oscillating stream},
 volume               = {793},
 year                 = {2016},
 }

@article{bib:sung2006,
 author               = {Sung, Y and Kim, W and Mungal, MG and Cappelli, MA},
 journal              = {Experiments in fluids},
 number               = {3},
 pages                = {479--486},
 publisher            = {Springer},
 title                = {Aerodynamic modification of flow over bluff objects by plasma actuation},
 volume               = {41},
 year                 = {2006},
 }

@article{bib:tamura1999,
 author               = {Tamura, Tetsuro and Miyagi, Tetsuya},
 journal              = {Journal of Wind Engineering and Industrial Aerodynamics},
 number               = {1},
 pages                = {135--145},
 publisher            = {Elsevier},
 title                = {The effect of turbulence on aerodynamic forces on a square cylinder with various corner shapes},
 volume               = {83},
 year                 = {1999},
 }

@article{bib:tanaka2012,
 author               = {Tanaka, Hideyuki and Tamura, Yukio and Ohtake, Kazuo and Nakai, Masayoshi and Kim, Yong Chul},
 journal              = {Journal of Wind Engineering and Industrial Aerodynamics},
 pages                = {179--191},
 publisher            = {Elsevier},
 title                = {Experimental investigation of aerodynamic forces and wind pressures acting on tall buildings with various unconventional configurations},
 volume               = {107},
 year                 = {2012},
 }

@article{bib:theodorsen1949,
 author               = {Theodorsen, Theodore},
 title                = {General theory of aerodynamic instability and the mechanism of flutter},
 year                 = {1949},
 }

@inproceedings{bib:tran2016,
 author               = {Tran, Steven and Sahni, Onkar},
 booktitle            = {54th AIAA Aerospace Sciences Meeting},
 note                 = {AIAA Paper 2016-0341},
 title                = {Large eddy simulation based on the residual-based variational multiscale method and {L}agrangian dynamic {S}magorinsky model},
 year                 = {2016},
 }

@article{bib:tran2017a,
  author               = {Tran, Steven and Cummings, Reed and Sahni, Onkar},
  title                = {Finite element based large eddy simulation of flow over bluff bodies},
  journal              = {Computer \& Fluids},
  volume               = {158},
  number               = {24},
  pages                = {221--235},
  year                 = {2017},
}

@article{bib:tran2017b,
 author               = {Tran, Steven and Sahni, Onkar},
 journal              = {Journal of Turbulence},
 title                = {Finite element based large eddy simulation using a combination of the variational multiscale method and the dynamic {S}magorinsky model},
 volume               = {18},
 issue                = {5},
 pages                = {391--417},
 year                 = {2017},

 }

@article{bib:trias2015,
 author               = {Trias, FX and Gorobets, A and Oliva, A},
 journal              = {Computers \& Fluids},
 pages                = {87--98},
 publisher            = {Elsevier},
 title                = {Turbulent flow around a square cylinder at {R}eynolds number 22,000: A {DNS} study},
 volume               = {123},
 year                 = {2015},
 }

@article{bib:trofimova2009,
 author               = {Trofimova, Alisa V and Tejada-Mart{\'\i}nez, Andr{\'e}s E and Jansen, Kenneth E and Lahey, Richard T},
 journal              = {Computers \& Fluids},
 number               = {4},
 pages                = {924--938},
 publisher            = {Elsevier},
 title                = {Direct numerical simulation of turbulent channel flows using a stabilized finite element method},
 volume               = {38},
 year                 = {2009},
 }

@article{bib:verma,
 author               = {Verma, Aman and Mahesh, Krishnan},
 journal              = {Physics of Fluids},
 number               = {8},
 pages                = {085101},
 publisher            = {AIP Publishing},
 title                = {A {L}agrangian subgrid-scale model with dynamic estimation of {L}agrangian time scale for large eddy simulation of complex flows},
 volume               = {24},
 year                 = {2012},
 }

@article{bib:wang2010,
 author               = {Wang, Zhen and Oberai, Assad A},
 journal              = {Physics of Fluids},
 number               = {7},
 pages                = {075107},
 publisher            = {AIP Publishing},
 title                = {A mixed large eddy simulation model based on the residual-based variational multiscale formulation},
 volume               = {22},
 year                 = {2010},
 }

@article{bib:wang2004,
 author               = {Wang, FH and Jiang, GD and Lam, K},
 journal              = {Flow Measurement and Instrumentation},
 number               = {2},
 pages                = {105--110},
 publisher            = {Elsevier},
 title                = {A study of velocity fields in the near wake of a wavy (varicose) cylinder by {LDA}},
 volume               = {15},
 year                 = {2004},
 }

@inproceedings{bib:jacobellis2018,
   author = {Jacobellis, G and Gandhi, F and Rice, T and Amitay, M},
   title = {Computational and experimental investigation of camber morphing airfoils for reverse flow drag reduction on high-speed rotorcraft},
   booktitle = {74th American Helicopter Society Annual Forum},
   location = { Phoenix, Arizona}, 
   month = {May 15-17},
   year = {2018}
}

@inproceedings{bib:kocher2017,
   author = {Kocher, A and Cummings,R and Sahni, O},
   title = {Large eddy simulation of flow over an airfoil undergoing surging and pitching motions},
   booktitle = {73rd American Helicopter Society Annual Forum},
   location = { Fort Worth, Texas}, 
   month = {May 9-11},
   year = {2017}
}



@inproceedings{bib:bagai2008,
   author = {Bagai, Ashish},
   title = {Aerodynamic design of the {S}ikorsky X2 {T}echnology {D}emonstrator main rotor blade},
   booktitle = {64th Annual Forum ofthe American Helicopter Society},
   location = { Montreal, Canada}, 
   month = {April 29 - May 1},
   year = {2008}
}


@techreport{bib:critzos1955,
   author = {Critzos, C. C and Heyson, H. H and Jr., R. W. B},
   title = {Aerodynamic characteristics of NACA 0012 airfoil section at angles of attack from 0 degrees to 180 degrees},
   type = {NACA TN},
   number = {3361},
   year = {1955}
}

@techreport{bib:naumann1942,
   author = {Naumann, A},
   title = {Pressure distribution on wings in reversed flow},
   type = {NACA TN},
   number = {1011},
   year = {1942}
}

@techreport{bib:leishman1993,
   author = {Leishman, J. G},
   title = {Aerodynamic characteristics of a helicopter rotor airfoil as affected by simulated ballistic damage},
   type = { {A}rmy {R}esearch {L}aboratory},
   year = {1993}
}



@inbook{bib:pope1947,
   author = {Alan Pope},
   title = {The forces and pressures over an NACA 0015 airfoil through 180 degrees angle of attack},
   publisher = {Georgia Institute of Technology},
   address = {Atlanta, Ga},
   year = {1947},
}

@article{bib:whiting,
 author               = {Whiting, Christian and Jansen, Kenneth E},
 journal              = {International Journal for Numerical Methods in Fluids},
 number               = {1},
 pages                = {93-116},
 title                = {A stabilized finite element method for the incompressible {N}avier-{S}tokes equations using a hierarchical basis},
 volume               = {35},
 year                 = {2001},
 }

@article{bib:xu2010,
 author               = {Xu, Chang-Yue and Chen, Li-Wei and Lu, Xi-Yun},
 journal              = {Journal of Fluid Mechanics},
 pages                = {238--273},
 publisher            = {Cambridge Univ Press},
 title                = {Large-eddy simulation of the compressible flow past a wavy cylinder},
 volume               = {665},
 year                 = {2010},
 }

@article{bib:zahle2009,
 author               = {Zahle, Frederik and S{\o}rensen, Niels N and Johansen, Jeppe},
 journal              = {Wind Energy},
 number               = {6},
 pages                = {594--619},
 publisher            = {Wiley Online Library},
 title                = {Wind turbine rotor-tower interaction using an incompressible overset grid method},
 volume               = {12},
 year                 = {2009},
 }

@article{bib:zhang2005,
 author               = {Zhang, Wei and Daichin and Lee, Sang Joon},
 journal              = {Experiments in fluids},
 number               = {6},
 pages                = {824--832},
 publisher            = {Springer},
 title                = {{PIV} measurements of the near-wake behind a sinusoidal cylinder},
 volume               = {38},
 year                 = {2005},
 }

@article{bib:granlund2016,
  title={Streamwise oscillation of airfoils into reverse flow},
  author={Granlund, Kenneth O and Ol, Michael V and Jones, Anya R},
  journal={AIAA Journal},
  volume={793},
  pages={1--9},
  year={2016},
  publisher={American Institute of Aeronautics and Astronautics}
}

%@inproceedings{bib:strangfeld2015,
%  title={Unsteady thick airfoil aerodynamics: experiments, computation, and theory},
%  author={Strangfeld, C and Rumsey, Christopher L and Mueller-Vahl, Hanns and Greenblatt, David and Nayeri, CN and Paschereit, Christian O},
%  booktitle={45th AIAA Fluid Dynamics Conference},
%  pages={3071},
%  year={2015}
%}

@article{bib:strangfeld2016,
  title={Airfoil in a high amplitude oscillating stream},
  author={Strangfeld, C and M{\"u}ller-Vahl, H and Nayeri, CN and Paschereit, CO and Greenblatt, D},
  journal={Journal of Fluid Mechanics},
  volume={793},
  pages={79--108},
  year={2016},
  publisher={Cambridge Univ Press}
}

@article{bib:theodorsen1949,
  title={General theory of aerodynamic instability and the mechanism of flutter},
  author={Theodorsen, Theodore},
  year={1949}
}

@article{bib:isaacs2012,
  title={Airfoil theory for flows of variable velocity},
  author={Isaacs, Rufus},
  journal={Journal of the Aeronautical Sciences},
  year={2012}
}

@article{bib:greenberg1947,
  title={Airfoil in sinusoidal motion in a pulsating stream},
  author={Greenberg, J Mayo},
  year={1947}
}

@inproceedings{bib:cummings2016bbaa,
 author               = {Cummings, Reed and Tran, Steven and Sahni, Onkar},
 booktitle            = {Proc. 8th International Colloquium on Bluff Body Aerodynamics and Applications},
 title                = {Finite element based large eddy simulation of a flow over an oscillating cylinder},
 year                 = {2016},
 }


@article{bib:kocher_scitech2017,
 author               = {Kocher, Alexander and Cummings, Reed and Tran, Steven and Sahni, Onkar},
 journal              = {AIAA Paper 2017-1006},
 title                = {Large Eddy Simulation of Surging Airfoils with Moderate to Large Streamwise Oscillations},
 year                 = {2017},
 }

@inproceedings{bib:rane2018,
 author               = {Rane, Jitesh and Sahni, Onkar},
 booktitle	  ={2018 Applied Aerodynamics Conference},
 note              = {AIAA Paper 2018-3822},
 title                = {Large eddy simulation of surging airfoils at high advance ratio and Reynolds number},
 year                 = {2018},
 }


@inproceedings{bib:greenblatt2016,
  title={High advance-ratio airfoil streamwise oscillations: wind tunnel vs. water tunnel},
  author={Greenblatt, David and Mueller-Vahl, Hanns and Strangfeld, Christoph and Ol, Michael V and Granlund, Kenneth O},
  booktitle={54th AIAA Aerospace Sciences Meeting},
  year={2016},
  note={AIAA Paper 2016-1356}
}

@inproceedings{bib:visbal2014,
  title={Analysis of the onset of dynamic stall using high-fidelity large-eddy simulations},
  author={Visbal, Miguel R},
  booktitle={52nd Aerospace Sciences Meeting},
  year={2014},
  note={AIAA Paper 2016-0591}
}

@inproceedings{bib:gross2016,
  title={Numerical investigation of helicopter blade section undergoing time-periodic motions},
  author={Gross, Andreas and Wen, Guangwei},
  booktitle={8th AIAA Flow Control Conference},
  year={2016},
  note={AIAA Paper 2016-4244}
}

@inproceedings{bib:stangfeld2015unsteady,
  title={Unsteady thick airfoil aerodynamics: experiments, computation, and theory},
  author={Stangfeld, Christoph and Rumsey, Christopher L and Mueller-Vahl, Hanns and Greenblatt, David and Nayeri, C and Paschereit, Christian O},
  booktitle={45th AIAA Fluid Dynamics Conference},
  pages={3071},
  year={2015}
}


@article{bib:hodara2016,
  title={Collaborative investigation of the aerodynamic behavior of airfoils in reverse flow},
  author={Hodara, Joachim and Lind, Andrew H and Jones, Anya R and Smith, Marilyn J},
  journal={Journal of the American Helicopter Society},
  volume={61},
  number={3},
  pages={1--15},
  year={2016}
}



@inproceedings{bib:norman2011,
  title={Full-scale wind tunnel test of the {UH-60A} airloads rotor},
  author={Norman, Thomas R and Shinoda, Patrick and Peterson, Randall L and Datta, Anubhav},
  booktitle={American Helicopter Society 67th Annual Forum},
  year={2011}
}

@article{bib:chaderjian2012detached,
  title={Detached eddy simulation of the UH-60 Rotor wake using adaptive mesh refinement},
  author={Chaderjian, Neal M and Ahmad, Jasim U},
  year={2012}
}


@article{bib:potsdam2016,
  title={Computational investigation and fundamental understanding of a slowed {UH-60A} rotor at high advance ratios},
  author={Potsdam, Mark and Datta, Anubhav and Jayaraman, Buvana},
  journal={Journal of the American Helicopter Society},
  volume={61},
  number={2},
  pages={1--17},
  year={2016}
}

@book{ainsworth2011book,
  title={A posteriori error estimation in finite element analysis},
  author={Ainsworth, Mark and Oden, J Tinsley},
  volume={37},
  year={2011},
  publisher={John Wiley \& Sons}
}

@article{ainsworth2013fully,
  title={Fully computable a posteriori error bounds for stabilised {FEM} approximations of convection--reaction--diffusion problems in three dimensions},
  author={Ainsworth, Mark and Allendes, Alejandro and Barrenechea, Gabriel R and Rankin, Richard},
  journal={Int. J. Numer. Meth. Fl.},
  volume={73},
  number={9},
  pages={765--790},
  year={2013},
  publisher={Wiley Online Library}
}

@article{babuvska1978posteriori,
  title={A-posteriori error estimates for the finite element method},
  author={Babu{\v{s}}ka, Ivo and Rheinboldt, Werner C},
  journal={Int. J. Numer. Meth. Eng.},
  volume={12},
  number={10},
  pages={1597--1615},
  year={1978},
  publisher={Wiley Online Library}
}

@article{bank1985some,
  title={Some a posteriori error estimators for elliptic partial differential equations},
  author={Bank, Randolph E and Weiser, Alan},
  journal={Math. Comput.},
  volume={44},
  number={170},
  pages={283--301},
  year={1985}
}

@article{fidkowski2011review,
  title={Review of output-based error estimation and mesh adaptation in computational fluid dynamics},
  author={Fidkowski, Krzysztof J and Darmofal, David L},
  journal={AIAA J.},
  volume={49},
  number={4},
  pages={673--694},
  year={2011}
}

@article{granzow2017output,
  title={Output-based error estimation and mesh adaptation for variational multiscale methods},
  author={Granzow, Brian N and Shephard, Mark S and Oberai, Assad A},
  journal={Comput. Methods Appl. Mech. Eng.},
  volume={322},
  pages={441--459},
  year={2017},
  publisher={Elsevier}
}

@article{hauke2006multiscale,
  title={The multiscale approach to error estimation and adaptivity},
  author={Hauke, Guillermo and Doweidar, Mohamed H and Miana, Mario},
  journal={Comput. Methods Appl. Mech. Eng.},
  volume={195},
  number={13},
  pages={1573--1593},
  year={2006},
  publisher={Elsevier}
}

@article{hauke2006proper,
  title={Proper intrinsic scales for a-posteriori multiscale error estimation},
  author={Hauke, Guillermo and Doweidar, Mohamed H and Miana, Mario},
  journal={Comput. Methods Appl. Mech. Eng.},
  volume={195},
  number={33-36},
  pages={3983--4001},
  year={2006},
  publisher={Elsevier}
}

@article{hauke2008variational,
  title={Variational multiscale a-posteriori error estimation for multi-dimensional transport problems},
  author={Hauke, Guillermo and Fuster, Daniel and Doweidar, Mohamed H},
  journal={Comput. Methods Appl. Mech. Eng.},
  volume={197},
  number={33},
  pages={2701--2718},
  year={2008},
  publisher={Elsevier}
}

@article{hauke2015variational,
  title={Variational multiscale a posteriori error estimation for systems: The {Euler and Navier--Stokes} equations},
  author={Hauke, Guillermo and Fuster, Daniel and Lizarraga, Fernando},
  journal={Comput. Methods Appl. Mech. Eng.},
  volume={283},
  pages={1493--1524},
  year={2015},
  publisher={Elsevier}
}

@article{irisarri2016posteriori,
  title={A posteriori pointwise error computation for {2-D} transport equations based on the variational multiscale method},
  author={Irisarri, Diego and Hauke, Guillermo},
  journal={Comput. Methods Appl. Mech. Eng.},
  volume={311},
  pages={648--670},
  year={2016},
  publisher={Elsevier}
}

@article{john2000numerical,
  title={A numerical study of a posteriori error estimators for convection--diffusion equations},
  author={John, Volker},
  journal={Comput. Methods Appl. Mech. Eng.},
  volume={190},
  number={5-7},
  pages={757--781},
  year={2000},
  publisher={Elsevier}
}

@article{oden1994posteriori,
  title={An a posteriori error estimate for finite element approximations of the {Navier-Stokes equations}},
  author={Oden, J Tinsley and Wu, Weihan and Ainsworth, Mark},
  journal={Comput. Methods Appl. Mech. Eng.},
  volume={111},
  number={1},
  pages={185--202},
  year={1994},
  publisher={Elsevier}
}

@article{oden2001goal,
  title={Goal-oriented error estimation and adaptivity for the finite element method},
  author={Oden, John Tinsley and Prudhomme, Serge},
  journal={Comput. Math Appl.},
  volume={41},
  number={5},
  pages={735--756},
  year={2001},
  publisher={Elsevier}
}

@article{prudhomme1999posteriori,
  title={A posteriori error estimation and error control for finite element approximations of the time-dependent {Navier--Stokes} equations},
  author={Prudhomme, S and Oden, JT},
  journal={Finite Elem. Anal. Des.},
  volume={33},
  number={4},
  pages={247--262},
  year={1999},
  publisher={Elsevier}
}

@article{verfurth1994posteriori,
  title={A posteriori error estimation and adaptive mesh-refinement techniques},
  author={Verf{\"u}rth, R{\"u}diger},
  journal={J. Comput. Appl. Math.},
  volume={50},
  number={1},
  pages={67--83},
  year={1994},
  publisher={Elsevier}
}

@article{verfurth2005robust,
  title={Robust a posteriori error estimates for stationary convection-diffusion equations},
  author={Verf{\"u}rth, R{\"u}diger},
  journal={SIAM J. Numer. Anal.},
  volume={43},
  number={4},
  pages={1766--1782},
  year={2005},
  publisher={SIAM}
}

@book{verfurth2013posteriori,
  title={A posteriori error estimation techniques for finite element methods},
  author={Verf{\"u}rth, R{\"u}diger},
  year={2013},
  publisher={OUP Oxford}
}

@article{zienkiewicz1992superconvergent1,
  title={The superconvergent patch recovery and a posteriori error estimates. Part 1: The recovery technique},
  author={Zienkiewicz, Olgierd Cecil and Zhu, Jian Zhong},
  journal={Int. J. Numer. Meth. Eng.},
  volume={33},
  number={7},
  pages={1331--1364},
  year={1992},
  publisher={Wiley Online Library}
}

@article{zienkiewicz1992superconvergent2,
  title={The superconvergent patch recovery and a posteriori error estimates. Part 2: Error estimates and adaptivity},
  author={Zienkiewicz, Olgierd Cecil and Zhu, Jian Zhong},
  journal={Int. J. Numer. Meth. Eng.},
  volume={33},
  number={7},
  pages={1365--1382},
  year={1992},
  publisher={Wiley Online Library}
}

@article{babuvska1990p,
  title={The p-and hp versions of the finite element method, an overview},
  author={Babu{\v{s}}ka, Ivo and Suri, Manil},
  journal={Comput. Methods Appl. Mech. Eng.},
  volume={80},
  number={1-3},
  pages={5--26},
  year={1990},
  publisher={Elsevier}
}

@article{behnel2011cython,
  title={Cython: The best of both worlds},
  author={Behnel, Stefan and Bradshaw, Robert and Citro, Craig and Dalcin, Lisandro and Seljebotn, Dag Sverre and Smith, Kurt},
  journal={Comput. Sci. Eng.},
  volume={13},
  number={2},
  pages={31},
  year={2011},
  publisher={IEEE Computer Society}
}

@article{brooks1982streamline,
  title={Streamline upwind/{Petrov-Galerkin} formulations for convection dominated flows with particular emphasis on the incompressible {Navier-Stokes} equations},
  author={Brooks, Alexander N and Hughes, Thomas JR},
  journal={Comput. Methods Appl. Mech. Eng.},
  volume={32},
  number={1-3},
  pages={199--259},
  year={1982},
  publisher={Elsevier}
}

@article{diez1999unified,
  title={A unified approach to remeshing strategies for finite element h-adaptivity},
  author={D{\'\i}ez, Pedro and Huerta, Antonio},
  journal={Comput. Methods Appl. Mech. Eng.},
  volume={176},
  number={1-4},
  pages={215--229},
  year={1999},
  publisher={Elsevier}
}

@article{franca1992stabilized,
  title={Stabilized finite element methods: {II}. The incompressible {Navier-Stokes equations}},
  author={Franca, Leopoldo P and Frey, S{\'e}rgio L},
  journal={Comput. Methods Appl. Mech. Eng.},
  volume={99},
  number={2-3},
  pages={209--233},
  year={1992},
  publisher={Elsevier}
}

@article{guo1986hp,
  title={The hp version of the finite element method},
  author={Guo, B and Babu{\v{s}}ka, I},
  journal={Comput. Mech.},
  volume={1},
  number={1},
  pages={21--41},
  year={1986},
  publisher={Springer}
}

#@article{hood1974navier,
  title={Navier-Stokes equations using mixed interpolation},
  author={Hood, P and Taylor, C},
  journal={Finite Element Methods in Flow Problems},
  pages={121--132},
  year={1974}
}

@inproceedings{hood1974navier,
  title={Navier-Stokes equations using mixed interpolation},
  author={Hood, P and Taylor, C},
  booktitle={International Symposium on Finite Element Methods in Flow Problems},
  pages={121--132},
  year={1974}
}

@article{hughes1986new,
  title={A new finite element formulation for computational fluid dynamics: IV. A discontinuity-capturing operator for multidimensional advective-diffusive systems},
  author={Hughes, Thomas JR and Mallet, Michel},
  journal={Comput. Methods Appl. Mech. Eng.},
  volume={58},
  number={3},
  pages={329--336},
  year={1986},
  publisher={Elsevier}
}

@article{hughes1986newiii,
  title={A new finite element formulation for computational fluid dynamics: III. The generalized streamline operator for multidimensional advective-diffusive systems},
  author={Hughes, Thomas JR and Mallet, Michel},
  journal={Comput. Methods Appl. Mech. Eng.},
  volume={58},
  number={3},
  pages={305--328},
  year={1986},
  publisher={Elsevier}
}

@article{hughes1998variational,
  title={The variational multiscale method \textemdash{} a paradigm for computational mechanics},
  author={Hughes, Thomas JR and Feij{\'o}o, Gonzalo R and Mazzei, Luca and Quincy, Jean-Baptiste},
  journal={Comput. Methods Appl. Mech. Eng.},
  volume={166},
  number={1},
  pages={3--24},
  year={1998},
  publisher={Elsevier}
}

@article{hughes2007variational,
  title={Variational multiscale analysis: the fine-scale Green's function, projection, optimization, localization, and stabilized methods},
  author={Hughes, Thomas JR and Sangalli, Giancarlo},
  journal={SIAM J. Numer. Anal.},
  volume={45},
  number={2},
  pages={539--557},
  year={2007},
  publisher={SIAM}
}

@inproceedings{park2016unstructured,
  title={Unstructured grid adaptation: Status, potential impacts, and recommended investments towards CFD 2030},
  author={Park, Michael A and Loseille, Adrien and Krakos, Joshua and Michal, Todd R and Alonso, Juan J},
  booktitle={46th AIAA Fluid Dynamics Conference},
  pages={3323},
  year={2016}
}

@article{schmidt2002direct,
  title={Direct interface tracking of droplet deformation},
  author={Schmidt, David P and Dai, Meizhong and Wang, Haoshu and Perot, J Blair},
  journal={Atomization Spray.},
  volume={12},
  number={5\&6},
  year={2002},
  publisher={Begel House Inc.}
}

@article{slotnick2014cfd,
  title={CFD vision 2030 study: a path to revolutionary computational aerosciences},
  author={Slotnick, Jeffrey and Khodadoust, Abdollah and Alonso, Juan and Darmofal, David and Gropp, William and Lurie, Elizabeth and Mavriplis, Dimitri},
  year={2014}
}

@Article{taylor1998finite,
  title={Finite element modeling of blood flow in arteries},
  author={Taylor, Charles A and Hughes, Thomas JR and Zarins, Christopher K},
  journal={Comput. Methods Appl. Mech. Eng.},
  volume={158},
  number={1},
  pages={155--196},
  year={1998},
  publisher={Elsevier}
}

@article{tezduyar2006interface,
  title={Interface-tracking and interface-capturing techniques for finite element computation of moving boundaries and interfaces},
  author={Tezduyar, Tayfun E},
  journal={Comput. Methods Appl. Mech. Eng.},
  volume={195},
  number={23},
  pages={2983--3000},
  year={2006},
  publisher={Elsevier}
}

@article{tezduyar2007supg,
  title={SUPG finite element computation of inviscid supersonic flows with YZ$\beta$ shock-capturing},
  author={Tezduyar, Tayfun E and Senga, Masayoshi},
  journal={Comput. Fluids},
  volume={36},
  number={1},
  pages={147--159},
  year={2007},
  publisher={Elsevier}
}

@PhdThesis{whiting1999stabilized,
  title={Stabilized finite element methods for fluid dynamics using a hierarchical basis},
  author={Whiting, Christian H},
  year={1999},
  school={Rensselaer Polytechnic Institute}
}

@article{whiting2001stabilized,
  title={A stabilized finite element method for the incompressible Navier-Stokes equations using a hierarchical basis},
  author={Whiting, Christian H and Jansen, Kenneth E},
  journal={Int. J. Numer. Meth. Fl.},
  volume={35},
  number={1},
  pages={93--116},
  year={2001}
}

@masterthesis{zhang19,
Author = {Zhang, Alvin},
Keywords = {Mechanical engineering},
School = {Rensselaer Polytechnic Institute, Troy, NY},
Title = {Error-driven and predictive mesh control for adaptive simulations of incompressible two-phase flows.},
URL = {https://search.ebscohost.com/login.aspx?direct=true&db=ir00332a&AN=rpi.179942&site=eds-live&scope=site&authtype=sso&custid=s9001156},
Year = {2019},
}

@article{bib:kirk_jones_2019, 
title={Vortex formation on surging aerofoils with application to reverse flow modelling}, 
volume={859}, 
DOI={10.1017/jfm.2018.800}, 
journal={Journal of Fluid Mechanics}, 
publisher={Cambridge University Press}, 
author={Kirk, Philip B. and Jones, Anya R.}, 
year={2019}, 
pages={59–88}}

﻿@article{bib:Lind2018,
author={Lind, Andrew H. and Trollinger, Lauren N. and Manar, Field H. and Chopra, Inderjit and Jones, Anya R.},
title={Flowfield measurements of reverse flow on a high advance ratio rotor},
journal={Experiments in Fluids},
year={2018},
month={Nov},
day={17},
volume={59},
number={12},
pages={185},
}

@inproceedings{bib:smith2020,
author = {Luke Smith and Anya R. Jones},
title = {Unsteady Vortex Formation on Airfoils with High Surging and Pitching Amplitudes},
booktitle = {AIAA Scitech 2020 Forum},
year={2020},
pages = {},
}

%%Error-estimator references

@article{baker1997mesh,
  title={Mesh adaptation strategies for problems in fluid dynamics},
  author={Baker, Timothy J},
  journal={Finite Elem. Anal. Des.},
  volume={25},
  number={3-4},
  pages={243--273},
  year={1997},
  publisher={Elsevier}
}


@book{ainsworth2011book,
  title={A posteriori error estimation in finite element analysis},
  author={Ainsworth, Mark and Oden, J Tinsley},
  volume={37},
  year={2011},
  publisher={John Wiley \& Sons}
}

@article{ainsworth2013fully,
  title={Fully computable a posteriori error bounds for stabilised {FEM} approximations of convection--reaction--diffusion problems in three dimensions},
  author={Ainsworth, Mark and Allendes, Alejandro and Barrenechea, Gabriel R and Rankin, Richard},
  journal={Int. J. Numer. Meth. Fl.},
  volume={73},
  number={9},
  pages={765--790},
  year={2013},
  publisher={Wiley Online Library}
}

@article{babuvska1978posteriori,
  title={A-posteriori error estimates for the finite element method},
  author={Babu{\v{s}}ka, Ivo and Rheinboldt, Werner C},
  journal={Int. J. Numer. Meth. Eng.},
  volume={12},
  number={10},
  pages={1597--1615},
  year={1978},
  publisher={Wiley Online Library}
}

@article{bank1985some,
  title={Some a posteriori error estimators for elliptic partial differential equations},
  author={Bank, Randolph E and Weiser, Alan},
  journal={Math. Comput.},
  volume={44},
  number={170},
  pages={283--301},
  year={1985}
}

@article{fidkowski2011review,
  title={Review of output-based error estimation and mesh adaptation in computational fluid dynamics},
  author={Fidkowski, Krzysztof J and Darmofal, David L},
  journal={AIAA J.},
  volume={49},
  number={4},
  pages={673--694},
  year={2011}
}

@article{granzow2017output,
  title={Output-based error estimation and mesh adaptation for variational multiscale methods},
  author={Granzow, Brian N and Shephard, Mark S and Oberai, Assad A},
  journal={Comput. Methods Appl. Mech. Eng.},
  volume={322},
  pages={441--459},
  year={2017},
  publisher={Elsevier}
}

@article{hauke2006multiscale,
  title={The multiscale approach to error estimation and adaptivity},
  author={Hauke, Guillermo and Doweidar, Mohamed H and Miana, Mario},
  journal={Comput. Methods Appl. Mech. Eng.},
  volume={195},
  number={13},
  pages={1573--1593},
  year={2006},
  publisher={Elsevier}
}

@article{hauke2006proper,
  title={Proper intrinsic scales for a-posteriori multiscale error estimation},
  author={Hauke, Guillermo and Doweidar, Mohamed H and Miana, Mario},
  journal={Comput. Methods Appl. Mech. Eng.},
  volume={195},
  number={33-36},
  pages={3983--4001},
  year={2006},
  publisher={Elsevier}
}

@article{hauke2008variational,
  title={Variational multiscale a-posteriori error estimation for multi-dimensional transport problems},
  author={Hauke, Guillermo and Fuster, Daniel and Doweidar, Mohamed H},
  journal={Comput. Methods Appl. Mech. Eng.},
  volume={197},
  number={33},
  pages={2701--2718},
  year={2008},
  publisher={Elsevier}
}

@article{hauke2015variational,
  title={Variational multiscale a posteriori error estimation for systems: The {Euler and Navier--Stokes} equations},
  author={Hauke, Guillermo and Fuster, Daniel and Lizarraga, Fernando},
  journal={Comput. Methods Appl. Mech. Eng.},
  volume={283},
  pages={1493--1524},
  year={2015},
  publisher={Elsevier}
}

@article{irisarri2016posteriori,
  title={A posteriori pointwise error computation for {2-D} transport equations based on the variational multiscale method},
  author={Irisarri, Diego and Hauke, Guillermo},
  journal={Comput. Methods Appl. Mech. Eng.},
  volume={311},
  pages={648--670},
  year={2016},
  publisher={Elsevier}
}

@article{john2000numerical,
  title={A numerical study of a posteriori error estimators for convection--diffusion equations},
  author={John, Volker},
  journal={Comput. Methods Appl. Mech. Eng.},
  volume={190},
  number={5-7},
  pages={757--781},
  year={2000},
  publisher={Elsevier}
}

@article{oden1994posteriori,
  title={An a posteriori error estimate for finite element approximations of the {Navier-Stokes equations}},
  author={Oden, J Tinsley and Wu, Weihan and Ainsworth, Mark},
  journal={Comput. Methods Appl. Mech. Eng.},
  volume={111},
  number={1},
  pages={185--202},
  year={1994},
  publisher={Elsevier}
}

@article{oden2001goal,
  title={Goal-oriented error estimation and adaptivity for the finite element method},
  author={Oden, John Tinsley and Prudhomme, Serge},
  journal={Comput. Math Appl.},
  volume={41},
  number={5},
  pages={735--756},
  year={2001},
  publisher={Elsevier}
}

@article{prudhomme1999posteriori,
  title={A posteriori error estimation and error control for finite element approximations of the time-dependent {Navier--Stokes} equations},
  author={Prudhomme, S and Oden, JT},
  journal={Finite Elem. Anal. Des.},
  volume={33},
  number={4},
  pages={247--262},
  year={1999},
  publisher={Elsevier}
}

@article{verfurth1994posteriori,
  title={A posteriori error estimation and adaptive mesh-refinement techniques},
  author={Verf{\"u}rth, R{\"u}diger},
  journal={J. Comput. Appl. Math.},
  volume={50},
  number={1},
  pages={67--83},
  year={1994},
  publisher={Elsevier}
}

@article{verfurth2005robust,
  title={Robust a posteriori error estimates for stationary convection-diffusion equations},
  author={Verf{\"u}rth, R{\"u}diger},
  journal={SIAM J. Numer. Anal.},
  volume={43},
  number={4},
  pages={1766--1782},
  year={2005},
  publisher={SIAM}
}

@book{verfurth2013posteriori,
  title={A posteriori error estimation techniques for finite element methods},
  author={Verf{\"u}rth, R{\"u}diger},
  year={2013},
  publisher={OUP Oxford}
}

@article{zienkiewicz1992superconvergent1,
  title={The superconvergent patch recovery and a posteriori error estimates. Part 1: The recovery technique},
  author={Zienkiewicz, Olgierd Cecil and Zhu, Jian Zhong},
  journal={Int. J. Numer. Meth. Eng.},
  volume={33},
  number={7},
  pages={1331--1364},
  year={1992},
  publisher={Wiley Online Library}
}

@article{zienkiewicz1992superconvergent2,
  title={The superconvergent patch recovery and a posteriori error estimates. Part 2: Error estimates and adaptivity},
  author={Zienkiewicz, Olgierd Cecil and Zhu, Jian Zhong},
  journal={Int. J. Numer. Meth. Eng.},
  volume={33},
  number={7},
  pages={1365--1382},
  year={1992},
  publisher={Wiley Online Library}
}


%%From Fan's thesis

@article{hughes1995multiscale,
  title={{Multiscale phenomena: Green's functions, the Dirichlet-to-Neumann formulation, subgrid scale models, bubbles and the origins of stabilized methods}},
  author={Hughes, Thomas JR},
  journal=Comput_Methods_Appl_Mech_Engrg,
  volume={127},
  number={1-4},
  pages={387--401},
  year={1995},
  publisher={Elsevier}
}

@article{hughes1998variational,
  title={The variational multiscale method---a paradigm for computational mechanics},
  author={Hughes, Thomas JR and Feij{\'o}o, Gonzalo R and Mazzei, Luca and Quincy, Jean-Baptiste},
  journal=Comput_Methods_Appl_Mech_Engrg,
  volume={166},
  number={1-2},
  pages={3--24},
  year={1998},
  publisher={Elsevier}
}

@article{hauke2006multiscale,
  title={The multiscale approach to error estimation and adaptivity},
  author={Hauke, Guillermo and Doweidar, Mohamed H and Miana, Mario},
  journal=Comput_Methods_Appl_Mech_Engrg,
  volume={195},
  number={13-16},
  pages={1573--1593},
  year={2006},
  publisher={Elsevier}
}

@article{hauke2006proper,
  title={Proper intrinsic scales for a-posteriori multiscale error estimation},
  author={Hauke, Guillermo and Doweidar, Mohamed H and Miana, Mario},
  journal=Comput_Methods_Appl_Mech_Engrg,
  volume={195},
  number={33-36},
  pages={3983--4001},
  year={2006},
  publisher={Elsevier}
}

@article{hughes2007variational,
  title={Variational multiscale analysis: {The fine-scale Green’s} function, projection, optimization, localization, and stabilized methods},
  author={Hughes, Thomas JR and Sangalli, Giancarlo},
  journal=SIAM_J_Numer_Anal,
  volume={45},
  number={2},
  pages={539--557},
  year={2007},
  publisher={SIAM}
}

@book{hughes2012finite,
  title={{The Finite Element Method: Linear Static and Dynamic Finite Element Analysis}},
  author={Hughes, Thomas JR},
  year={2000},
  address={Mineola, NY},
  publisher={Dover Publication, Inc.}
}

@article{hauke2015variational,
  title={Variational multiscale a posteriori error estimation for systems: {The Euler and Navier--Stokes} equations},
  author={Hauke, Guillermo and Fuster, Daniel and Lizarraga, Fernando},
  journal=Comput_Methods_Appl_Mech_Engrg,
  volume={283},
  pages={1493--1524},
  year={2015},
  publisher={Elsevier}
}

@article{bazilevs2007variational,
  title={Variational multiscale residual-based turbulence modeling for large eddy simulation of incompressible flows},
  author={Bazilevs, Y and Calo, VM and Cottrell, JA and Hughes, TJR and Reali, A and Scovazzi, G},
  journal=Comput_Methods_Appl_Mech_Engrg,
  volume={197},
  number={1-4},
  pages={173--201},
  year={2007},
  publisher={Elsevier}
}

@article{shakib1991new,
  title={A new finite element formulation for computational fluid dynamics: {X. The compressible Euler and Navier--Stokes equations}},
  author={Shakib, Farzin and Hughes, Thomas JR and Johan, Zden{\v{e}}k},
  journal=Comput_Methods_Appl_Mech_Engrg,
  volume={89},
  number={1-3},
  pages={141--219},
  year={1991},
  publisher={Elsevier}
}

@article{hauke2001simple,
  title={Simple stabilizing matrices for the computation of compressible flows in primitive variables},
  author={Hauke, Guillermo},
  journal=Comput_Methods_Appl_Mech_Engrg,
  volume={190},
  number={51-52},
  pages={6881--6893},
  year={2001},
  publisher={Elsevier}
}

@article{codina2002stabilized,
  title={Stabilized finite element approximation of transient incompressible flows using orthogonal subscales},
  author={Codina, Ramon},
  journal=Comput_Methods_Appl_Mech_Engrg,
  volume={191},
  number={39-40},
  pages={4295--4321},
  year={2002},
  publisher={Elsevier}
}

@article{john2000numerical,
  title={A numerical study of a posteriori error estimators for convection--diffusion equations},
  author={John, Volker},
  journal=Comput_Methods_Appl_Mech_Engrg,
  volume={190},
  number={5-7},
  pages={757--781},
  year={2000},
  publisher={Elsevier}
}

@article{diez1999unified,
  title={A unified approach to remeshing strategies for finite element h-adaptivity},
  author={D{\'\i}ez, Pedro and Huerta, Antonio},
  journal=Comput_Methods_Appl_Mech_Engrg,
  volume={176},
  number={1-4},
  pages={215--229},
  year={1999},
  publisher={Elsevier}
}

@article{brezzi1992relationship,
  title={A relationship between stabilized finite element methods and the {Galerkin} method with bubble functions},
  author={Brezzi, Franco and Bristeau, Marie-Odile and Franca, Leopoldo P and Mallet, Michel and Rog{\'e}, Gilbert},
  journal=Comput_Methods_Appl_Mech_Engrg,
  volume={96},
  number={1},
  pages={117--129},
  year={1992},
  publisher={Elsevier}
}

@article{brezzi1994choosing,
  title={Choosing bubbles for advection--diffusion problems},
  author={Brezzi, Franco and Russo, Alessandro},
  journal=Math_Models_Methods_Appl_Sci,
  volume={4},
  number={04},
  pages={571--587},
  year={1994},
  publisher={World Scientific}
}

@article{franca1996deriving,
  title={Deriving upwinding, mass lumping and selective reduced integration by residual-free bubbles},
  author={Franca, Leopoldo P and Russo, Alessandro},
  journal=Appl_Math_Lett,
  volume={9},
  number={5},
  pages={83--88},
  year={1996},
  publisher={Elsevier}
}

@book{verfurth2013posteriori,
  title={{A Posteriori Error Estimation Techniques for Finite Element Methods}},
  author={Verf{\"u}rth, R{\"u}diger},
  year={2013},
  address={Oxford, United Kingdom},
  publisher={Oxford University Press}
}

@book{ainsworth2011posteriori,
  title={{A Posteriori Error Estimation in Finite Element Analysis}},
  author={Ainsworth, Mark and Oden, J Tinsley},
  year={2000},
  address={New York, NY},
  publisher={John Wiley \& Sons}
}

@article{hughes2018multiscale,
  title={Multiscale and stabilized methods},
  author={Hughes, Thomas JR and Scovazzi, Guglielmo and Franca, Leopoldo P},
  journal={Encyclopedia of Computational Mechanics Second Edition},
  pages={1--64},
  year={2018},
  publisher={Wiley Online Library}
}

@article{brezzi1997b,
  title={$b = \int g$},
  author={Brezzi, F and Franca, LP and Hughes, TJR and Russo, A},
  journal=Comput_Methods_Appl_Mech_Engrg,
  volume={145},
  pages={329--339},
  year={1997}
}

@article{irisarri2016posteriori,
  title={A posteriori pointwise error computation for {2-D} transport equations based on the variational multiscale method},
  author={Irisarri, Diego and Hauke, Guillermo},
  journal=Comput_Methods_Appl_Mech_Engrg,
  volume={311},
  pages={648--670},
  year={2016},
  publisher={Elsevier}
}

@article{hauke2008variational,
  title={Variational multiscale a-posteriori error estimation for multi-dimensional transport problems},
  author={Hauke, Guillermo and Fuster, Daniel and Doweidar, Mohamed H},
  journal=Comput_Methods_Appl_Mech_Engrg,
  volume={197},
  number={33-40},
  pages={2701--2718},
  year={2008},
  publisher={Elsevier}
}

@article{houston2000posteriori,
  title={A posteriori error analysis for stabilised finite element approximations of transport problems},
  author={Houston, Paul and Rannacher, Rolf and S{\"u}li, Endre},
  journal=Comput_Methods_Appl_Mech_Engrg,
  volume={190},
  number={11-12},
  pages={1483--1508},
  year={2000},
  publisher={Elsevier}
}

@article{bayona2018variational,
  title={Variational multiscale error estimators for the adaptive mesh refinement of compressible flow simulations},
  author={Bayona-Roa, Camilo and Codina, Ramon and Baiges, Joan},
  journal=Comput_Methods_Appl_Mech_Engrg,
  volume={337},
  pages={501--526},
  year={2018},
  publisher={Elsevier}
}

@article{principe2010stabilization,
  title={On the stabilization parameter in the subgrid scale approximation of scalar convection--diffusion--reaction equations on distorted meshes},
  author={Principe, Javier and Codina, Ramon},
  journal=Comput_Methods_Appl_Mech_Engrg,
  volume={199},
  number={21-22},
  pages={1386--1402},
  year={2010},
  publisher={Elsevier}
}

@article{hauke2012mesh,
  title={Mesh adaptivity for the transport equation led by variational multiscale error estimators},
  author={Hauke, Guillermo and Doweidar, Mohamed H and Fuentes, Sergio},
  journal=Internat_J_Numer_Methods_Fluids,
  volume={69},
  number={12},
  pages={1835--1850},
  year={2012},
  publisher={Wiley Online Library}
}

@article{hauke2014recent,
  title={Recent advances on explicit variational multiscale a posteriori error estimation for systems},
  author={Hauke, Guillermo and Irisarri, Diego and Lizarraga, Fernando},
  journal=Int_J_Numer_Anal_Model,
  volume={11},
  number={2},
  year={2014}
}



%% End error-estimator references

@inproceedings{Mcalister1978DynamicSE,
  title={Dynamic stall experiments on the NACA 0012 airfoil},
  author={K. W. Mcalister and Lawrence W. Carr and William J. Mccroskey},
  journal={NASA Technical Paper}
  number={1100},
  year={1978}
}

@article{bib:Isaacs,
author = {Isaacs, rufus},
title = {Airfoil theory for flows of variable velocity},
journal = {Journal of the Aeronautical Sciences},
volume = {12},
number = {1},
pages = {113-117},
year = {1945},
doi = {10.2514/8.11202},

@inproceedings{bib:Theodorsen1934,
  title={General theory of aerodynamic instability and the mechanism of flutter},
  author={Theodore Theodorsen},
  year={1934}
  journal={NACA Technical Report}
  number={496},
}

@inproceedings{bib:Greenberg1947,
  title={Airfoil in sinusoidal motion in a pulsating stream},
  author={James M. Greenberg},
  year={1947}
  journal={NACA Technical Note}
  number={1326},
}
